<record><leader>00000cas a22000007a 4500</leader><controlfield tag="001">20385895</controlfield><controlfield tag="008">890923d19021905iauwr ne      0    0eng d</controlfield><datafield ind1=" " ind2=" " tag="010"><subfield code="a">sn 89057176 </subfield></datafield><datafield ind1=" " ind2=" " tag="040"><subfield code="a">INP</subfield><subfield code="b">eng</subfield><subfield code="c">INP</subfield><subfield code="d">OCLCQ</subfield><subfield code="d">OCLCF</subfield><subfield code="d">OCLCO</subfield></datafield><datafield ind1=" " ind2=" " tag="042"><subfield code="a">msc</subfield></datafield><datafield ind1=" " ind2=" " tag="043"><subfield code="a">n-us-ia</subfield></datafield><datafield ind1="0" ind2="4" tag="245"><subfield code="a">The Iowa Catholic messenger and northwestern Catholic.</subfield></datafield><datafield ind1="1" ind2="3" tag="246"><subfield code="a">Iowa Catholic messenger</subfield></datafield><datafield ind1=" " ind2=" " tag="260"><subfield code="a">Davenport, Iowa :</subfield><subfield code="b">F.B. Sharon,</subfield><subfield code="c">1902-1905.</subfield></datafield><datafield ind1=" " ind2=" " tag="300"><subfield code="a">4 v.</subfield></datafield><datafield ind1=" " ind2=" " tag="310"><subfield code="a">Weekly</subfield></datafield><datafield ind1="0" ind2=" " tag="362"><subfield code="a">Vol. 20, no. 9 (Mar. 1, 1902)-v. 23, no. 27 (July 8, 1905).</subfield></datafield><datafield ind1=" " ind2=" " tag="500"><subfield code="a">Official organ of the Roman Catholic Mutual Protective Society of Iowa; official organ of the Ancient Order of Hibernians of Iowa.</subfield></datafield><datafield ind1=" " ind2="0" tag="650"><subfield code="a">Catholics</subfield><subfield code="z">Iowa</subfield><subfield code="v">Newspapers.</subfield></datafield><datafield ind1=" " ind2="7" tag="655"><subfield code="a">Newspapers.</subfield><subfield code="2">fast</subfield><subfield code="0">(OCoLC)fst01423814</subfield></datafield><datafield ind1=" " ind2="7" tag="650"><subfield code="a">Catholics.</subfield><subfield code="2">fast</subfield><subfield code="0">(OCoLC)fst00849297</subfield></datafield><datafield ind1=" " ind2="7" tag="651"><subfield code="a">Iowa.</subfield><subfield code="2">fast</subfield><subfield code="0">(OCoLC)fst01205835</subfield></datafield><datafield ind1="2" ind2=" " tag="710"><subfield code="a">Roman Catholic Mutual Protective Society of Iowa.</subfield></datafield><datafield ind1="2" ind2=" " tag="710"><subfield code="a">Ancient Order of Hibernians.</subfield></datafield><datafield ind1="2" ind2=" " tag="710"><subfield code="a">Catholic Church.</subfield><subfield code="b">Diocese of Davenport (Iowa)</subfield></datafield><datafield ind1=" " ind2=" " tag="752"><subfield code="a">United States</subfield><subfield code="b">Iowa</subfield><subfield code="c">Scott</subfield><subfield code="d">Davenport.</subfield></datafield><datafield ind1=" " ind2=" " tag="752"><subfield code="a">United States</subfield><subfield code="b">Illinois</subfield><subfield code="c">Rock Island</subfield><subfield code="d">Rock Island.</subfield></datafield><datafield ind1=" " ind2=" " tag="752"><subfield code="a">United States</subfield><subfield code="b">Illinois</subfield><subfield code="c">Rock Island</subfield><subfield code="d">Moline.</subfield></datafield><datafield ind1="0" ind2="4" tag="780"><subfield code="t">Iowa Catholic messenger</subfield><subfield code="w">(DLC)sn 88059297</subfield></datafield><datafield ind1="0" ind2="4" tag="780"><subfield code="t">Northwestern Catholic</subfield></datafield><datafield ind1="0" ind2="0" tag="785"><subfield code="t">Catholic messenger (Davenport, Iowa : 1905)</subfield><subfield code="w">(DLC)sn 89057177</subfield></datafield></record>